{
  "leader": "00000nam a2200000zca4500",
  "fields": [
    {
      "245": {
        "subfields": [
          {
            "a": "Proceedings of the 3rd International Brain-Computer Interface Workshop and Training Course"
          },
          { "b": "Subtitle field." },
          { "c": "hrsg. von Josef Frank" }
        ],
        "ind1": "0",
        "ind2": "0"
      }
    },
    { "650": { "subfields": [{ "g": "Test" }], "ind1": "_", "ind2": "4" } },
    { "650": { "subfields": [{ "g": "Invenio" }], "ind1": "_", "ind2": "4" } },
    { "650": { "subfields": [{ "g": "TUGraz" }], "ind1": "_", "ind2": "4" } },
    { "650": { "subfields": [{ "a": "Marc21" }], "ind1": "_", "ind2": "4" } },
    {
      "520": {
        "subfields": [
          {
            "a": "A wonderful serenity has taken possession of my entire soul, like these sweet mornings of spring which I enjoy with my whole heart. I am alone, and feel the charm of existence in this spot, which was created for the bliss of souls like mine. I am so happy, my dear friend, so absorbed in the exquisite sense of mere tranquil existence, that I neglect my talents. I should be incapable of drawing a single stroke at the present moment; and yet I feel that I never was a greater artist than now. When, while the lovely valley teems with vapour around me, and the meridian sun strikes the upper surface of the impenetrable foliage of my trees, and but a few stray gleams steal into the inner sanctuary, I throw myself down among the tall grass by the trickling stream; and, as I lie close to the earth, a thousand unknown plants are noticed by me: when I hear the buzz of the little world among the stalks, and grow familiar with the countless indescribable forms of the insects and flies, then I feel the presence of the Almighty, who formed us in his own image, and the breath "
          }
        ],
        "ind1": "_",
        "ind2": "_"
      }
    },
    {
      "264": {
        "subfields": [
          { "a": "Tu Graz" },
          { "b": "Hulk" },
          { "b": "Thor" },
          { "b": "Captain" },
          { "b": "Black Widow" },
          { "c": "2004" }
        ],
        "ind1": "_",
        "ind2": "0"
      }
    },
    {
      "300": { "subfields": [{ "a": "2.000.000" }], "ind1": "_", "ind2": "_" }
    },
    {
      "100": {
        "subfields": [{ "u": "Institute of Solid State Physics (5130)" }],
        "ind1": "1",
        "ind2": "_"
      }
    },
    {
      "020": {
        "subfields": [{ "a": "3-902465-46-8" }],
        "ind1": "_",
        "ind2": "_"
      }
    }
  ]
}
